<?xml version="1.0" encoding="UTF-8"?><record xmlns="http://www.loc.gov/MARC21/slim" xmlns:cinclude="http://apache.org/cocoon/include/1.0" xmlns:zs="http://www.loc.gov/zing/srw/">
  <leader>00979cz  a2200217n  4500</leader>
  <controlfield tag="001">n  86800280 </controlfield>
  <controlfield tag="003">DLC</controlfield>
  <controlfield tag="005">20081018080616.0</controlfield>
  <controlfield tag="008">860107n| acannaabn          |b aab      </controlfield>
  <datafield tag="010" ind1=" " ind2=" ">
    <subfield code="a">n  86800280 </subfield>
    <subfield code="z">nr 94041009 </subfield>
  </datafield>
  <datafield tag="035" ind1=" " ind2=" ">
    <subfield code="a">(OCoLC)oca01465569</subfield>
  </datafield>
  <datafield tag="040" ind1=" " ind2=" ">
    <subfield code="a">DLC</subfield>
    <subfield code="b">eng</subfield>
    <subfield code="c">DLC</subfield>
    <subfield code="d">DLC-R</subfield>
    <subfield code="d">DLC</subfield>
    <subfield code="d">OCoLC</subfield>
  </datafield>
  <datafield tag="100" ind1="1" ind2=" ">
    <subfield code="a">Takeuchi, Hirotaka</subfield>
  </datafield>
  <datafield tag="400" ind1="1" ind2=" ">
    <subfield code="w">nne</subfield>
    <subfield code="a">Takeuchi, Hiro</subfield>
  </datafield>
  <datafield tag="400" ind1="1" ind2=" ">
    <subfield code="a">竹內弘高</subfield>
  </datafield>
  <datafield tag="400" ind1="1" ind2=" ">
    <subfield code="a">竹内弘高</subfield>
  </datafield>
  <datafield tag="667" ind1=" " ind2=" ">
    <subfield code="a">Machine-derived non-Latin script reference project.</subfield>
  </datafield>
  <datafield tag="667" ind1=" " ind2=" ">
    <subfield code="a">Non-Latin script references not evaluated.</subfield>
  </datafield>
  <datafield tag="670" ind1=" " ind2=" ">
    <subfield code="a">nuc86-1197: His The strategic role of international marketing, c1984?b(hdg. on MH-BA rept.: Takeuchi, Hirotaka; usage: Hirotaka Takeuchi)</subfield>
  </datafield>
  <datafield tag="670" ind1=" " ind2=" ">
    <subfield code="a">Ishitsu no manejimento, 1994:</subfield>
    <subfield code="b">t.p. (Takeuchi Hirotaka) colophon (r; b. 1946; prof., Hitotsubashi Daigaku Shōgakubu since 1987)</subfield>
  </datafield>
  <datafield tag="670" ind1=" " ind2=" ">
    <subfield code="a">The knowledge-creating company, 1995:</subfield>
    <subfield code="b">CIP t.p. (Hiro Takeuchi) bk. t.p. (Hirotaka Takeuchi) jacket (Prof., at Hitotsubashi Univ.)</subfield>
  </datafield>
</record>